@FOOTNOTE{Note1,key="Note1",note="It is possible to get chiral information transport on the edge of a two-dimensional model using only a finite-depth Floquet circuit."}
