@article{Buyskikh2016,
	doi = {10.1103/physreva.93.053620},
	url = {https://doi.org/10.1103/physreva.93.053620},
	year  = {2016},
	month = {may},
	publisher = {American Physical Society ({APS})},
	volume = {93},
	number = {5},
	author = {Anton S. Buyskikh and Maurizio Fagotti and Johannes Schachenmayer and Fabian Essler and Andrew J. Daley},
	title = {Entanglement growth and correlation spreading with variable-range interactions in spin and fermionic tunneling models},
	journal = {Physical Review A}
}

@article{Keyserlingk,
	Author = {C.W. von Keyserlingk and Tibor Rakovszky and Frank Pollmann and S. L. Sondhi},
	Title = {Operator hydrodynamics, OTOCs, and entanglement growth in systems without conservation laws},
	Year = {2017},
	Eprint = {arXiv:1705.08910},
	url = {https://arxiv.org/abs/1705.08910}
}

@article{Jonay,
	Author = {Cheryne Jonay and David A. Huse and Adam Nahum},
	Title = {Coarse-grained dynamics of operator and state entanglement},
	Year = {2018},
	Eprint = {arXiv:1803.00089}
}

@article{Kaufman2016,
	doi = {10.1126/science.aaf6725},
	url = {https://doi.org/10.1126/science.aaf6725},
	year  = {2016},
	month = {aug},
	publisher = {American Association for the Advancement of Science ({AAAS})},
	volume = {353},
	number = {6301},
	pages = {794--800},
	author = {A. M. Kaufman and M. E. Tai and A. Lukin and M. Rispoli and R. Schittko and P. M. Preiss and M. Greiner},
	title = {Quantum thermalization through entanglement in an isolated many-body system},
	journal = {Science}
}

@article{Khemani2018,
	Author = {Vedika Khemani and  David A. Huse and  Adam Nahum},
	Title = {Velocity-dependent Lyapunov exponents in many-body quantum, semi-classical, and classical chaos},
	Year = {2018},
	Eprint = {arXiv:1803.05902}
}

@article{Nahum2017,
	doi = {10.1103/physrevx.7.031016},
	url = {https://doi.org/10.1103/physrevx.7.031016},
	year  = {2017},
	month = {jul},
	publisher = {American Physical Society ({APS})},
	volume = {7},
	number = {3},
	author = {Adam Nahum and Jonathan Ruhman and Sagar Vijay and Jeongwan Haah},
	title = {Quantum Entanglement Growth under Random Unitary Dynamics},
	journal = {Physical Review X}
}

@article{Nandkishore2015,
	doi = {10.1146/annurev-conmatphys-031214-014726},
	url = {https://doi.org/10.1146/annurev-conmatphys-031214-014726},
	year  = {2015},
	month = {mar},
	publisher = {Annual Reviews},
	volume = {6},
	number = {1},
	pages = {15--38},
	author = {Rahul Nandkishore and David A. Huse},
	title = {Many-Body Localization and Thermalization in Quantum Statistical Mechanics},
	journal = {Annual Review of Condensed Matter Physics}
}

@article{Roberts2016,
	doi = {10.1103/physrevlett.117.091602},
	url = {https://doi.org/10.1103/physrevlett.117.091602},
	year  = {2016},
	month = {aug},
	publisher = {American Physical Society ({APS})},
	volume = {117},
	number = {9},
	author = {Daniel A. Roberts and Brian Swingle},
	title = {Lieb-Robinson Bound and the Butterfly Effect in Quantum Field Theories},
	journal = {Physical Review Letters}
}

@article{Zhou2017,
	doi = {10.1103/physrevb.95.094206},
	url = {https://doi.org/10.1103/physrevb.95.094206},
	year  = {2017},
	month = {mar},
	publisher = {American Physical Society ({APS})},
	volume = {95},
	number = {9},
	author = {Tianci Zhou and David J. Luitz},
	title = {Operator entanglement entropy of the time evolution operator in chaotic systems},
	journal = {Physical Review B}
}

